<record><leader>00000cas a22000007a 4500</leader><controlfield tag="001">15463847</controlfield><controlfield tag="008">870331d18411841pauwr ne      0    0eng d</controlfield><datafield ind1=" " ind2=" " tag="010"><subfield code="a">sn 87080116 </subfield></datafield><datafield ind1=" " ind2=" " tag="040"><subfield code="a">NPH</subfield><subfield code="b">eng</subfield><subfield code="c">NPH</subfield><subfield code="d">OCLCQ</subfield></datafield><datafield ind1=" " ind2=" " tag="042"><subfield code="a">msc</subfield></datafield><datafield ind1="0" ind2="4" tag="245"><subfield code="a">The Luzerne democrat, and farmer's and mechanic's journal.</subfield></datafield><datafield ind1="3" ind2="0" tag="246"><subfield code="a">Democrat &amp; journal</subfield></datafield><datafield ind1=" " ind2=" " tag="260"><subfield code="a">Tunkhannock, Luzerne Co., Pa. :</subfield><subfield code="b">[s.n.,</subfield><subfield code="c">1841]-</subfield></datafield><datafield ind1=" " ind2=" " tag="300"><subfield code="a">v.</subfield></datafield><datafield ind1=" " ind2=" " tag="310"><subfield code="a">Weekly</subfield></datafield><datafield ind1="0" ind2=" " tag="362"><subfield code="a">Vol. 1, no. 1 (May 7, 1841)-</subfield></datafield><datafield ind1="1" ind2=" " tag="362"><subfield code="a">Ceased in 1841?</subfield></datafield><datafield ind1=" " ind2=" " tag="500"><subfield code="a">Published every Friday.</subfield></datafield><datafield ind1=" " ind2=" " tag="500"><subfield code="a">Editors: Wm. S. Jayne and John V. Smith, May 7-Oct. 1, 1841; William Bolton, Oct. 7-29, 1841.</subfield></datafield><datafield ind1=" " ind2=" " tag="515"><subfield code="a">May 7, 1841 issue misdated May 9, 1841.</subfield></datafield><datafield ind1=" " ind2=" " tag="752"><subfield code="a">United States</subfield><subfield code="b">Pennsylvania</subfield><subfield code="c">Wyoming</subfield><subfield code="d">Tunkhannock.</subfield></datafield><datafield ind1=" " ind2=" " tag="752"><subfield code="a">United States</subfield><subfield code="b">Pennsylvania</subfield><subfield code="c">Luzerne</subfield><subfield code="d">Tunkhannock.</subfield></datafield><datafield ind1="1" ind2=" " tag="029"><subfield code="a">AU@</subfield><subfield code="b">000025811209</subfield></datafield></record>